%
% All bibliographical references
%

\begin{document}
    @phdthesis{torranoGimenez2015study,
        title={Study of stochastic and machine learning techniques for anomaly-based web attack detection},
        author={Torrano-Giménez, Carmen},
        year={2015},
        school={Universidad Carlos III de Madrid}
    }
    @inproceedings{gimenez2015paper,
        title={HTTP-WS-AD: Anomaly Detector oriented to web applications and services},
        author={Giménez, José and Cappo, Cristian},
        booktitle={Computing Conference (CLEI), 2015 Latin American},
        year={2015},
        organization={IEEE}
    }
    @article{khan2014one,
        title={One-class classification: taxonomy of study and review of techniques},
        author={Khan, Shehroz and Madden, Michael},
        journal={The Knowledge Engineering Review},
        volume={29},
        number={3},
        pages={345--374},
        year={2014},
        publisher={Cambridge University Press}
    }
    @inproceedings{parhizkar2015oc,
        title={OC-WAD: A one-class classifier ensemble approach for anomaly detection in web traffic},
        author={Parhizkar, Elham and Abadi, Mahdi},
        booktitle={2015 23rd Iranian Conference on Electrical Engineering (ICEE)},
        pages={631--636},
        year={2015},
        organization={IEEE}
    }
    @inproceedings{kruegel2003anomaly,
        title={Anomaly detection of web-based attacks},
        author={Kruegel, Christopher and Vigna, Giovanni},
        booktitle={Proceedings of the 10th ACM conference on Computer and communications security},
        year={2003},
        organization={ACM}
    }
    @article{kruegel2005multi,
        title={A multi-model approach to the detection of web-based attacks},
        author={Kruegel, Christopher and Vigna, Giovanni and Robertson, William},
        journal={Computer Networks},
        volume={48},
        number={5},
        year={2005},
        publisher={Elsevier}
    }
    @incollection{nguyen2011application,
        title={Application of the generic feature selection measure in detection of web attacks},
        author={Nguyen, Hai Thanh and Torrano-Gimenez, Carmen and Alvarez, Gonzalo and Petrovi{\'c}, Slobodan and Franke, Katrin},
        booktitle={Computational Intelligence in Security for Information Systems},
        pages={25--32},
        year={2011},
        publisher={Springer, Berlin, Heidelberg}
    }
    @inproceedings{perdisci2006using,
        title={Using an ensemble of one-class SVM classifiers to harden payload-based anomaly detection systems},
        author={Perdisci, Roberto and Gu, Guofei and Lee, Wenke},
        booktitle={Data Mining, 2006. ICDM'06. Sixth International Conference on},
        pages={488--498},
        year={2006},
        organization={IEEE}
    }
    @article{scholkopf2001estimating,
        title={Estimating the support of a high-dimensional distribution},
        author={Schölkopf, Bernhard and Platt, John C and Shawe-Taylor, John and Smola, Alex J and Williamson, Robert C},
        journal={Neural computation},
        volume={13},
        number={7},
        pages={1443--1471},
        year={2001},
        publisher={MIT Press}
    }
    @article{tran2004one,
        title={One-class support vector machine for anomaly network traffic detection},
        author={Tran, Quang-Anh and Duan, Haixin and Li, Xing},
        journal={China Education and Research Network (CERNET), Tsinghua University, Main Building},
        volume={310},
        year={2004}
    }
    @misc{csic2010dataset,
        title={CSIC 2010 HTTP data sets},
        author={Torrano-Giménez, Carmen and Pérez Villegas, Alejandro and Álvarez Marañón, Gonzalo},
        year={2010},
        howpublished={\url{http://www.isi.csic.es/dataset/}},
        note={Accessed: July-2017}
    }
    @misc{torpeda2012dataset,
        title={CSIC TORPEDA 2012 HTTP data sets},
        author={Torrano-Giménez, Carmen and Pérez, Alejandro and Álvarez, Gonzalo},
        year={2012},
        howpublished={\url{http://www.tic.itefi.csic.es/torpeda}},
        note={Accessed: July-2017}
    }
    @misc{encyMathEntropy,
        author={Dobrushin, R.L. and Prelov, V.V.},
        title={Entropy - Encyclopedia of Mathematics},
        year={2011},
        howpublished={\url{http://www.encyclopediaofmath.org/index.php?title=Entropy&oldid=15099}},
        note={Accessed: August-2017}
    }
\end{document}
